<record><leader>00000cas a22000007a 4500</leader><controlfield tag="001">39325958</controlfield><controlfield tag="008">980621d19471948akucr ne      0    0eng d</controlfield><datafield ind1=" " ind2=" " tag="010"><subfield code="a">sn 98059777 </subfield></datafield><datafield ind1=" " ind2=" " tag="040"><subfield code="a">ANE</subfield><subfield code="b">eng</subfield><subfield code="c">ANE</subfield><subfield code="d">OCLCQ</subfield><subfield code="d">OCLCF</subfield><subfield code="d">OCLCO</subfield></datafield><datafield ind1="1" ind2=" " tag="029"><subfield code="a">AU@</subfield><subfield code="b">000014094583</subfield></datafield><datafield ind1=" " ind2=" " tag="042"><subfield code="a">msc</subfield></datafield><datafield ind1="0" ind2="4" tag="245"><subfield code="a">The Seward polaris &amp; Kenai Peninsula-Aleutian chain news.</subfield></datafield><datafield ind1="3" ind2="0" tag="246"><subfield code="a">Seward polaris &amp; Kenai Peninsula Aleutian chain news</subfield></datafield><datafield ind1="3" ind2="0" tag="246"><subfield code="a">Seward polaris and Kenai Peninsula-Aleutian chain news</subfield></datafield><datafield ind1="3" ind2="0" tag="246"><subfield code="a">Seward polaris Kenai Peninsula-Aleutian chain news</subfield></datafield><datafield ind1=" " ind2=" " tag="260"><subfield code="a">Seward, Alaska :</subfield><subfield code="b">H.W. and N.M. Hunt,</subfield><subfield code="c">1947-1948.</subfield></datafield><datafield ind1=" " ind2=" " tag="300"><subfield code="a">2 v.</subfield></datafield><datafield ind1=" " ind2=" " tag="310"><subfield code="a">Semiweekly</subfield></datafield><datafield ind1="0" ind2=" " tag="362"><subfield code="a">Vol. 3, no. 102 (July 2, 1947)-v. 5, no. 23 (Sept. 22, 1948).</subfield></datafield><datafield ind1=" " ind2="0" tag="651"><subfield code="a">Seward (Alaska)</subfield><subfield code="v">Newspapers.</subfield></datafield><datafield ind1=" " ind2="7" tag="655"><subfield code="a">Newspapers.</subfield><subfield code="2">fast</subfield><subfield code="0">(OCoLC)fst01423814</subfield></datafield><datafield ind1=" " ind2="7" tag="651"><subfield code="a">Alaska</subfield><subfield code="z">Seward.</subfield><subfield code="2">fast</subfield><subfield code="0">(OCoLC)fst01221903</subfield></datafield><datafield ind1=" " ind2=" " tag="752"><subfield code="a">United States</subfield><subfield code="b">Alaska</subfield><subfield code="d">Seward.</subfield></datafield><datafield ind1="0" ind2="0" tag="780"><subfield code="t">Seward polaris</subfield><subfield code="w">(DLC)sn 98059776</subfield><subfield code="w">(OCoLC)39325955</subfield></datafield><datafield ind1="0" ind2="0" tag="785"><subfield code="t">Seward seaport record</subfield><subfield code="w">(DLC)sn 98059778</subfield><subfield code="w">(OCoLC)39325959</subfield></datafield></record>